<record><leader>00000cas a22000007a 4500</leader><controlfield tag="001">32223228</controlfield><controlfield tag="008">950329d196519uuakuwr ne      0    0eng d</controlfield><datafield ind1=" " ind2=" " tag="010"><subfield code="a">sn 95060000 </subfield></datafield><datafield ind1=" " ind2=" " tag="040"><subfield code="a">ANE</subfield><subfield code="b">eng</subfield><subfield code="c">ANE</subfield><subfield code="d">OCLCQ</subfield><subfield code="d">OCLCF</subfield><subfield code="d">OCLCO</subfield></datafield><datafield ind1="1" ind2=" " tag="029"><subfield code="a">AU@</subfield><subfield code="b">000024759299</subfield></datafield><datafield ind1=" " ind2=" " tag="042"><subfield code="a">msc</subfield></datafield><datafield ind1=" " ind2=" " tag="043"><subfield code="a">n-us-ak</subfield></datafield><datafield ind1="0" ind2="0" tag="245"><subfield code="a">Amchitka news shot.</subfield></datafield><datafield ind1=" " ind2=" " tag="260"><subfield code="a">[Amchitka Island, Alaska :</subfield><subfield code="b">s.n.],</subfield><subfield code="c">1965-</subfield></datafield><datafield ind1=" " ind2=" " tag="300"><subfield code="a">v.</subfield></datafield><datafield ind1=" " ind2=" " tag="310"><subfield code="a">Weekly</subfield></datafield><datafield ind1="0" ind2=" " tag="362"><subfield code="a">Aug. 17, 1965-</subfield></datafield><datafield ind1=" " ind2="0" tag="650"><subfield code="a">Military bases</subfield><subfield code="z">Alaska</subfield><subfield code="v">Newspapers.</subfield></datafield><datafield ind1=" " ind2="0" tag="651"><subfield code="a">Amchitka Island (Alaska)</subfield><subfield code="v">Newspapers.</subfield></datafield><datafield ind1=" " ind2="7" tag="655"><subfield code="a">Newspapers.</subfield><subfield code="2">fast</subfield><subfield code="0">(OCoLC)fst01423814</subfield></datafield><datafield ind1=" " ind2="7" tag="650"><subfield code="a">Military bases.</subfield><subfield code="2">fast</subfield><subfield code="0">(OCoLC)fst01020986</subfield></datafield><datafield ind1=" " ind2="7" tag="651"><subfield code="a">Alaska.</subfield><subfield code="2">fast</subfield><subfield code="0">(OCoLC)fst01204480</subfield></datafield><datafield ind1=" " ind2="7" tag="651"><subfield code="a">Alaska</subfield><subfield code="z">Amchitka Island.</subfield><subfield code="2">fast</subfield><subfield code="0">(OCoLC)fst01262583</subfield></datafield><datafield ind1=" " ind2=" " tag="752"><subfield code="a">United States</subfield><subfield code="b">Alaska</subfield><subfield code="d">Amchitka Island.</subfield></datafield></record>